@inproceedings{barocas2014data,
  title={Data mining and the discourse on discrimination},
  author={Barocas, Solon},
  booktitle={Data Ethics Workshop, Conference on Knowledge Discovery and Data Mining},
  year={2014}
}

@inproceedings{Rosenthal2010,
 author = {Rosenthal, Stephanie L. and Dey, Anind K.},
 title = {Towards Maximizing the Accuracy of Human-labeled Sensor Data},
 booktitle = {Proceedings of the 15th International Conference on Intelligent User Interfaces},
 series = {IUI '10},
 year = {2010},
 isbn = {978-1-60558-515-4},
 location = {Hong Kong, China},
 pages = {259--268},
 numpages = {10},
 url = {http://doi.acm.org/10.1145/1719970.1720006},
 doi = {10.1145/1719970.1720006},
 acmid = {1720006},
 publisher = {ACM},
 address = {New York, NY, USA},
 keywords = {active learning, labeling sensor data},
}

@inproceedings{Sandvig,
 author = {Sandvig, Christian and Hamilton, Kevin and Karahalios, Karrie and Cedric Langbort},
 title = {Auditing Algorithms: Research Methods for Detecting Discrimination on Internet Platforms},
 booktitle = {Data and Discrimination: Converting Critical Concerns into Productive Inquiry},
 year = {2014},
 location = {Seattle, WA, USA},
}

@INPROCEEDINGS{Sharma2015,
  author = {Sharma, Manali and Zhuang, Di and Bilgic, Mustafa},
  title = {Active Learning with Rationales for Text Classification},
  booktitle = {North American Chapter of the Association for Computational Linguistics -- Human Language Technologies},
  year = {2015},
  url = {http://www.cs.iit.edu/~ml/pdfs/sharma-naaclhlt15.pdf}
}
